@article{wade2015bayesian,
  title={{B}ayesian cluster analysis: Point estimation and credible balls},
  author={Wade, Sara and Ghahramani, Zoubin},
  journal={arXiv preprint arXiv:1505.03339},
  year={2015}
}
@article{griffin2014sequential,
  title={Sequential {M}onte {C}arlo methods for mixtures with normalized random measures with independent increments priors},
  author={Griffin, JE},
  journal={Statistics and Computing},
  pages={1--15},
  year={2014},
  publisher={Springer}
}
@article{kirk2012bayesian,
  title={{B}ayesian correlated clustering to integrate multiple datasets},
  author={Kirk, Paul and Griffin, Jim E and Savage, Richard S and Ghahramani, Zoubin and Wild, David L},
  journal={Bioinformatics},
  volume={28},
  number={24},
  pages={3290--3297},
  year={2012},
  publisher={Oxford Univ Press}
}

@article{fritsch2009improved,
  title={Improved criteria for clustering based on the posterior similarity matrix},
  author={Fritsch, Arno and Ickstadt, Katja and others},
  journal={Bayesian analysis},
  volume={4},
  number={2},
  pages={367--391},
  year={2009},
  publisher={International Society for Bayesian Analysis}
}

@article{fraley2002model,
  title={Model-based clustering, discriminant analysis, and density estimation},
  author={Fraley, Chris and Raftery, Adrian E},
  journal={Journal of the American Statistical Association},
  volume={97},
  number={458},
  pages={611--631},
  year={2002},
  publisher={Taylor \& Francis}
}


@article{mcparland2016clustering,
  title={Clustering high dimensional mixed data to uncover sub-phenotypes: joint analysis of phenotypic and genotypic data},
  author={McParland, Damien and Phillips, Catherine M and Brennan, Lorraine and Roche, Helen M and Gormley, Isobel Claire},
  journal={arXiv preprint arXiv:1606.05107},
  year={2016}
}

@article{ahmad2007k,
  title={A k-mean clustering algorithm for mixed numeric and categorical data},
  author={Ahmad, Amir and Dey, Lipika},
  journal={Data \& Knowledge Engineering},
  volume={63},
  number={2},
  pages={503--527},
  year={2007},
  publisher={Elsevier}
}

@book{jain1988algorithms,
  title={Algorithms for clustering data},
  author={Jain, Anil K and Dubes, Richard C},
  year={1988},
  publisher={Prentice-Hall, Inc.}
}


@article{escobar1995bayesian,
  title={Bayesian density estimation and inference using mixtures},
  author={Escobar, Michael D and West, Mike},
  journal={Journal of the {A}merican {S}tatistical association},
  volume={90},
  number={430},
  pages={577--588},
  year={1995},
  publisher={Taylor \& Francis}
}
@article{andrieu2010particle,
  title={Particle {M}arkov chain {M}onte {C}arlo methods},
  author={Andrieu, Christophe and Doucet, Arnaud and Holenstein, Roman},
  journal={Journal of the Royal Statistical Society: Series B (Statistical Methodology)},
  volume={72},
  number={3},
  pages={269--342},
  year={2010},
  publisher={Wiley Online Library}
}
@article{mcparland2014clustering,
  title={Clustering {S}outh {A}frican households based on their asset status using latent variable models},
  author={McParland, Damien and Gormley, Isobel Claire and McCormick, Tyler H and Clark, Samuel J and Kabudula, Chodziwadziwa Whiteson and Collinson, Mark A},
  journal={The Annals of Applied Statistics},
  volume={8},
  number={2},
  pages={747},
  year={2014},
  publisher={NIH Public Access}
}


@misc{mdipp,
  author = {Mason, Sam},
  title = {MDI++ {B}ayesian Data Integration of Biological Data},
  year = {2014},
  publisher = {GitHub},
  journal = {GitHub repository},
  howpublished = {\url{https://github.com/smason/mdipp}}
}


@article{savage2010discovering,
  title={Discovering transcriptional modules by {B}ayesian data integration},
  author={Savage, Richard S and Ghahramani, Zoubin and Griffin, Jim E and Bernard, J and Wild, David L},
  journal={Bioinformatics},
  volume={26},
  number={12},
  pages={i158--i167},
  year={2010},
  publisher={Oxford Univ Press}
}

@article{pena1999empirical,
  title={An empirical comparison of four initialization methods for the k-means algorithm},
  author={Pena, Jos{\'e} Manuel and Lozano, Jose Antonio and Larranaga, Pedro},
  journal={Pattern recognition letters},
  volume={20},
  number={10},
  pages={1027--1040},
  year={1999},
  publisher={Elsevier}
}

@article{binder1978bayesian,
  title={Bayesian cluster analysis},
  author={Binder, David A},
  journal={Biometrika},
  volume={65},
  number={1},
  pages={31--38},
  year={1978},
  publisher={Biometrika Trust}
}


@article{mason2016mdi,
  title={MDI-GPU: accelerating integrative modelling for genomic-scale data using GP-GPU computing},
  author={Mason, Samuel A and Sayyid, Faiz and Kirk, Paul DW and Starr, Colin and Wild, David L},
  journal={Statistical applications in genetics and molecular biology},
  volume={15},
  number={1},
  pages={83--86},
  year={2016}
}