@article{wade2015bayesian,
  title={Bayesian cluster analysis: Point estimation and credible balls},
  author={Wade, Sara and Ghahramani, Zoubin},
  journal={arXiv preprint arXiv:1505.03339},
  year={2015}
}
@article{griffin2014sequential,
  title={Sequential Monte Carlo methods for mixtures with normalized random measures with independent increments priors},
  author={Griffin, JE},
  journal={Statistics and Computing},
  pages={1--15},
  year={2014},
  publisher={Springer}
}
